@article{Davis2020,
  author={Davis, B. and Black, A. and Suveeran, S. and Zeghidour, M.},
  title={Style-based Text Conditioned GAN for Handwriting Generation},
  journal={arXiv preprint arXiv:2008.11615},
  year={2020},
  pages={1--10}
}

@inproceedings{Emuru2023,
  author={Emuru, R. and Ramesh, V. and Jawahar, M.},
  title={Multi-script Handwriting Generation using GAN with Spatial Attention},
  booktitle={Proc. 22nd Int. Conf. Image Analysis and Processing (ICIAP)},
  year={2023},
  volume={13911},
  publisher={Springer},
  pages={481--492}
}

@article{Bhunia2023,
  author={Bhunia, A. K. and Roy, P. P. and Das, A.},
  title={WriteVit: Text Conditioned Vision Transformer for Handwriting Synthesis},
  journal={arXiv preprint arXiv:2302.04559},
  year={2023},
  pages={1--12}
}

@inproceedings{Ahmed2024,
  author={Ahmed, A. and Lu, J. and Smith, R.},
  title={Style Transfer with Diffusion Models for Handwriting Generation},
  booktitle={Proc. IEEE/CVF Conf. Computer Vision and Pattern Recognition (CVPR)},
  year={2024},
  organization={IEEE},
  note={to appear}
}

@inproceedings{Kumar2020,
  author={Kumar, N. S. and Reddy, M. S. and Babu, R.},
  title={Handwriting Generation via Image Stitching and Visual Verification},
  booktitle={Proc. 15th Int. Conf. Document Analysis and Recognition (ICDAR)},
  year={2020},
  volume={1},
  publisher={IEEE},
  pages={1207--1212}
}

@article{Graves2013,
  author={Graves, A.},
  title={Generating Sequences with Recurrent Neural Networks},
  journal={arXiv preprint arXiv:1308.0850},
  year={2013},
  pages={1--20}
}

@inproceedings{Ramesh2024,
  author={Ramesh, V. and Bhunia, A. K. and Roy, P. P.},
  title={Multi-Script Handwriting Synthesis using GANs},
  booktitle={Proc. 27th Int. Conf. Pattern Recognition (ICPR)},
  year={2024},
  organization={IEEE},
  note={to appear}
}

@inproceedings{Dai2024,
  author={Dai, G. and Zhang, Y. and Ke, Q. and Guo, Q. and Huang, S.},
  title={One-DM: One-Shot Diffusion Mimicker for Handwritten Text Generation},
  booktitle={Proc. Eur. Conf. Computer Vision (ECCV)},
  year={2024},
  volume={14457},
  publisher={Springer},
  pages={1--18}
}

@article{Hebbi2023,
  author={Hebbi, C. and Mamatha, H. R.},
  title={Comprehensive Dataset Building and Recognition of Isolated Handwritten Kannada Characters using Machine Learning Models},
  journal={Artificial Intelligence and Applications},
  volume={1},
  number={3},
  year={2023},
  pages={179--190}
}
